@article{hafner2021crafter,
  title={Benchmarking the Spectrum of Agent Capabilities},
  author={Hafner, Danijar},
  journal={arXiv preprint arXiv:2109.06780},
  year={2021}
}

@inproceedings{dabney2018qr,
  title={Distributional Reinforcement Learning with Quantile Regression},
  author={Dabney, Will and Rowland, Mark and Bellemare, Marc G and Munos, R{\'e}mi},
  booktitle={AAAI},
  year={2018}
}

@article{hasselt2016double,
  title={Deep Reinforcement Learning with Double Q-learning},
  author={van Hasselt, Hado and Guez, Arthur and Silver, David},
  journal={arXiv preprint arXiv:1509.06461},
  year={2016}
}

@article{wang2016dueling,
  title={Dueling Network Architectures for Deep Reinforcement Learning},
  author={Wang, Ziyu and Schaul, Tom and Hessel, Matteo and van Hasselt, Hado and Lanctot, Marc and de Freitas, Nando},
  journal={arXiv preprint arXiv:1511.06581},
  year={2016}
}

@article{dabney2018iqn,
  title={Implicit Quantile Networks for Distributional Reinforcement Learning},
  author={Dabney, Will and Ostrovski, Georg and Silver, David and Munos, R{\'e}mi},
  journal={arXiv preprint arXiv:1806.06923},
  year={2018}
}

@inproceedings{yang2019fqf,
  title={Fully Parameterized Quantile Function for Distributional Reinforcement Learning},
  author={Yang, Derek and Zhao, Li and Lin, Zichuan and Qin, Tao and Bian, Jiang and Liu, Tie-Yan},
  booktitle={NeurIPS},
  year={2019}
}
